%YAML 1.1
%TAG !u! tag:unity3d.com,2011:
--- !u!29 &1
OcclusionCullingSettings:
  m_ObjectHideFlags: 0
  serializedVersion: 2
  m_OcclusionBakeSettings:
    smallestOccluder: 5
    smallestHole: 0.25
    backfaceThreshold: 100
  m_SceneGUID: 00000000000000000000000000000000
  m_OcclusionCullingData: {fileID: 0}
--- !u!104 &2
RenderSettings:
  m_ObjectHideFlags: 0
  serializedVersion: 9
  m_Fog: 0
  m_FogColor: {r: 0.5, g: 0.5, b: 0.5, a: 1}
  m_FogMode: 3
  m_FogDensity: 0.01
  m_LinearFogStart: 0
  m_LinearFogEnd: 300
  m_AmbientSkyColor: {r: 0.212, g: 0.227, b: 0.259, a: 1}
  m_AmbientEquatorColor: {r: 0.114, g: 0.125, b: 0.133, a: 1}
  m_AmbientGroundColor: {r: 0.047, g: 0.043, b: 0.035, a: 1}
  m_AmbientIntensity: 1
  m_AmbientMode: 0
  m_SubtractiveShadowColor: {r: 0.42, g: 0.478, b: 0.627, a: 1}
  m_SkyboxMaterial: {fileID: 10304, guid: 0000000000000000f000000000000000, type: 0}
  m_HaloStrength: 0.5
  m_FlareStrength: 1
  m_FlareFadeSpeed: 3
  m_HaloTexture: {fileID: 0}
  m_SpotCookie: {fileID: 10001, guid: 0000000000000000e000000000000000, type: 0}
  m_DefaultReflectionMode: 0
  m_DefaultReflectionResolution: 128
  m_ReflectionBounces: 1
  m_ReflectionIntensity: 1
  m_CustomReflection: {fileID: 0}
  m_Sun: {fileID: 0}
  m_IndirectSpecularColor: {r: 0.18028378, g: 0.22571412, b: 0.30692285, a: 1}
  m_UseRadianceAmbientProbe: 0
--- !u!157 &3
LightmapSettings:
  m_ObjectHideFlags: 0
  serializedVersion: 12
  m_GIWorkflowMode: 1
  m_GISettings:
    serializedVersion: 2
    m_BounceScale: 1
    m_IndirectOutputScale: 1
    m_AlbedoBoost: 1
    m_EnvironmentLightingMode: 0
    m_EnableBakedLightmaps: 1
    m_EnableRealtimeLightmaps: 0
  m_LightmapEditorSettings:
    serializedVersion: 12
    m_Resolution: 2
    m_BakeResolution: 40
    m_AtlasSize: 1024
    m_AO: 0
    m_AOMaxDistance: 1
    m_CompAOExponent: 1
    m_CompAOExponentDirect: 0
    m_ExtractAmbientOcclusion: 0
    m_Padding: 2
    m_LightmapParameters: {fileID: 0}
    m_LightmapsBakeMode: 1
    m_TextureCompression: 1
    m_FinalGather: 0
    m_FinalGatherFiltering: 1
    m_FinalGatherRayCount: 256
    m_ReflectionCompression: 2
    m_MixedBakeMode: 2
    m_BakeBackend: 1
    m_PVRSampling: 1
    m_PVRDirectSampleCount: 32
    m_PVRSampleCount: 500
    m_PVRBounces: 2
    m_PVREnvironmentSampleCount: 500
    m_PVREnvironmentReferencePointCount: 2048
    m_PVRFilteringMode: 2
    m_PVRDenoiserTypeDirect: 0
    m_PVRDenoiserTypeIndirect: 0
    m_PVRDenoiserTypeAO: 0
    m_PVRFilterTypeDirect: 0
    m_PVRFilterTypeIndirect: 0
    m_PVRFilterTypeAO: 0
    m_PVREnvironmentMIS: 0
    m_PVRCulling: 1
    m_PVRFilteringGaussRadiusDirect: 1
    m_PVRFilteringGaussRadiusIndirect: 5
    m_PVRFilteringGaussRadiusAO: 2
    m_PVRFilteringAtrousPositionSigmaDirect: 0.5
    m_PVRFilteringAtrousPositionSigmaIndirect: 2
    m_PVRFilteringAtrousPositionSigmaAO: 1
    m_ExportTrainingData: 0
    m_TrainingDataDestination: TrainingData
    m_LightProbeSampleCountMultiplier: 4
  m_LightingDataAsset: {fileID: 0}
  m_LightingSettings: {fileID: 0}
--- !u!196 &4
NavMeshSettings:
  serializedVersion: 2
  m_ObjectHideFlags: 0
  m_BuildSettings:
    serializedVersion: 2
    agentTypeID: 0
    agentRadius: 0.5
    agentHeight: 2
    agentSlope: 45
    agentClimb: 0.4
    ledgeDropHeight: 0
    maxJumpAcrossDistance: 0
    minRegionArea: 2
    manualCellSize: 0
    cellSize: 0.16666667
    manualTileSize: 0
    tileSize: 256
    accuratePlacement: 0
    maxJobWorkers: 0
    preserveTilesOutsideBounds: 0
    debug:
      m_Flags: 0
  m_NavMeshData: {fileID: 23800000, guid: 3c4b42e900236e64caafe69a7ffe6c97, type: 2}
--- !u!1001 &11367651
PrefabInstance:
  m_ObjectHideFlags: 0
  serializedVersion: 2
  m_Modification:
    m_TransformParent: {fileID: 0}
    m_Modifications:
    - target: {fileID: 3300881869011976850, guid: 87b238ca2bbadea419ed99696b50d6b4, type: 3}
      propertyPath: m_RootOrder
      value: 5
      objectReference: {fileID: 0}
    - target: {fileID: 3300881869011976850, guid: 87b238ca2bbadea419ed99696b50d6b4, type: 3}
      propertyPath: m_LocalPosition.x
      value: 366.15
      objectReference: {fileID: 0}
    - target: {fileID: 3300881869011976850, guid: 87b238ca2bbadea419ed99696b50d6b4, type: 3}
      propertyPath: m_LocalPosition.y
      value: 121.67
      objectReference: {fileID: 0}
    - target: {fileID: 3300881869011976850, guid: 87b238ca2bbadea419ed99696b50d6b4, type: 3}
      propertyPath: m_LocalPosition.z
      value: 376.18582
      objectReference: {fileID: 0}
    - target: {fileID: 3300881869011976850, guid: 87b238ca2bbadea419ed99696b50d6b4, type: 3}
      propertyPath: m_LocalRotation.w
      value: 0.9460548
      objectReference: {fileID: 0}
    - target: {fileID: 3300881869011976850, guid: 87b238ca2bbadea419ed99696b50d6b4, type: 3}
      propertyPath: m_LocalRotation.x
      value: -0.2484627
      objectReference: {fileID: 0}
    - target: {fileID: 3300881869011976850, guid: 87b238ca2bbadea419ed99696b50d6b4, type: 3}
      propertyPath: m_LocalRotation.y
      value: 0.052824702
      objectReference: {fileID: 0}
    - target: {fileID: 3300881869011976850, guid: 87b238ca2bbadea419ed99696b50d6b4, type: 3}
      propertyPath: m_LocalRotation.z
      value: -0.20113713
      objectReference: {fileID: 0}
    - target: {fileID: 3300881869011976850, guid: 87b238ca2bbadea419ed99696b50d6b4, type: 3}
      propertyPath: m_LocalEulerAnglesHint.x
      value: -26.671
      objectReference: {fileID: 0}
    - target: {fileID: 3300881869011976850, guid: 87b238ca2bbadea419ed99696b50d6b4, type: 3}
      propertyPath: m_LocalEulerAnglesHint.y
      value: 12.927
      objectReference: {fileID: 0}
    - target: {fileID: 3300881869011976850, guid: 87b238ca2bbadea419ed99696b50d6b4, type: 3}
      propertyPath: m_LocalEulerAnglesHint.z
      value: -27.082
      objectReference: {fileID: 0}
    - target: {fileID: 3300881869011976854, guid: 87b238ca2bbadea419ed99696b50d6b4, type: 3}
      propertyPath: m_Name
      value: Cube (4)
      objectReference: {fileID: 0}
    - target: {fileID: 3300881869011976855, guid: 87b238ca2bbadea419ed99696b50d6b4, type: 3}
      propertyPath: m_IsTrigger
      value: 1
      objectReference: {fileID: 0}
    m_RemovedComponents: []
  m_SourcePrefab: {fileID: 100100000, guid: 87b238ca2bbadea419ed99696b50d6b4, type: 3}
--- !u!1 &133640306
GameObject:
  m_ObjectHideFlags: 0
  m_CorrespondingSourceObject: {fileID: 0}
  m_PrefabInstance: {fileID: 0}
  m_PrefabAsset: {fileID: 0}
  serializedVersion: 6
  m_Component:
  - component: {fileID: 133640308}
  - component: {fileID: 133640307}
  m_Layer: 0
  m_Name: Directional Light
  m_TagString: Untagged
  m_Icon: {fileID: 0}
  m_NavMeshLayer: 0
  m_StaticEditorFlags: 0
  m_IsActive: 1
--- !u!108 &133640307
Light:
  m_ObjectHideFlags: 0
  m_CorrespondingSourceObject: {fileID: 0}
  m_PrefabInstance: {fileID: 0}
  m_PrefabAsset: {fileID: 0}
  m_GameObject: {fileID: 133640306}
  m_Enabled: 1
  serializedVersion: 10
  m_Type: 1
  m_Shape: 0
  m_Color: {r: 1, g: 1, b: 1, a: 1}
  m_Intensity: 1
  m_Range: 10
  m_SpotAngle: 30
  m_InnerSpotAngle: 21.80208
  m_CookieSize: 10
  m_Shadows:
    m_Type: 0
    m_Resolution: -1
    m_CustomResolution: -1
    m_Strength: 1
    m_Bias: 0.05
    m_NormalBias: 0.4
    m_NearPlane: 0.2
    m_CullingMatrixOverride:
      e00: 1
      e01: 0
      e02: 0
      e03: 0
      e10: 0
      e11: 1
      e12: 0
      e13: 0
      e20: 0
      e21: 0
      e22: 1
      e23: 0
      e30: 0
      e31: 0
      e32: 0
      e33: 1
    m_UseCullingMatrixOverride: 0
  m_Cookie: {fileID: 0}
  m_DrawHalo: 0
  m_Flare: {fileID: 0}
  m_RenderMode: 0
  m_CullingMask:
    serializedVersion: 2
    m_Bits: 4294967295
  m_RenderingLayerMask: 1
  m_Lightmapping: 4
  m_LightShadowCasterMode: 0
  m_AreaSize: {x: 1, y: 1}
  m_BounceIntensity: 1
  m_ColorTemperature: 6570
  m_UseColorTemperature: 0
  m_BoundingSphereOverride: {x: 0, y: 0, z: 0, w: 0}
  m_UseBoundingSphereOverride: 0
  m_UseViewFrustumForShadowCasterCull: 1
  m_ShadowRadius: 0
  m_ShadowAngle: 0
--- !u!4 &133640308
Transform:
  m_ObjectHideFlags: 0
  m_CorrespondingSourceObject: {fileID: 0}
  m_PrefabInstance: {fileID: 0}
  m_PrefabAsset: {fileID: 0}
  m_GameObject: {fileID: 133640306}
  m_LocalRotation: {x: 0.40821788, y: -0.23456968, z: 0.10938163, w: 0.8754261}
  m_LocalPosition: {x: 368.25, y: 110.09, z: 371.61893}
  m_LocalScale: {x: 1, y: 1, z: 1}
  m_ConstrainProportionsScale: 0
  m_Children: []
  m_Father: {fileID: 0}
  m_RootOrder: 8
  m_LocalEulerAnglesHint: {x: 50, y: -30, z: 0}
--- !u!1 &261069240
GameObject:
  m_ObjectHideFlags: 0
  m_CorrespondingSourceObject: {fileID: 0}
  m_PrefabInstance: {fileID: 0}
  m_PrefabAsset: {fileID: 0}
  serializedVersion: 6
  m_Component:
  - component: {fileID: 261069241}
  - component: {fileID: 261069242}
  - component: {fileID: 261069243}
  m_Layer: 0
  m_Name: Spot Light
  m_TagString: Untagged
  m_Icon: {fileID: 0}
  m_NavMeshLayer: 0
  m_StaticEditorFlags: 0
  m_IsActive: 1
--- !u!4 &261069241
Transform:
  m_ObjectHideFlags: 0
  m_CorrespondingSourceObject: {fileID: 0}
  m_PrefabInstance: {fileID: 0}
  m_PrefabAsset: {fileID: 0}
  m_GameObject: {fileID: 261069240}
  m_LocalRotation: {x: 0, y: 0, z: 0, w: 1}
  m_LocalPosition: {x: 0, y: -0.19, z: 0}
  m_LocalScale: {x: 1, y: 1, z: 1}
  m_ConstrainProportionsScale: 0
  m_Children: []
  m_Father: {fileID: 1744854916}
  m_RootOrder: 0
  m_LocalEulerAnglesHint: {x: 0, y: 0, z: 0}
--- !u!108 &261069242
Light:
  m_ObjectHideFlags: 0
  m_CorrespondingSourceObject: {fileID: 0}
  m_PrefabInstance: {fileID: 0}
  m_PrefabAsset: {fileID: 0}
  m_GameObject: {fileID: 261069240}
  m_Enabled: 1
  serializedVersion: 10
  m_Type: 0
  m_Shape: 0
  m_Color: {r: 1, g: 1, b: 1, a: 1}
  m_Intensity: 1
  m_Range: 10
  m_SpotAngle: 30
  m_InnerSpotAngle: 21.80208
  m_CookieSize: 10
  m_Shadows:
    m_Type: 0
    m_Resolution: -1
    m_CustomResolution: -1
    m_Strength: 1
    m_Bias: 0.05
    m_NormalBias: 0.4
    m_NearPlane: 0.2
    m_CullingMatrixOverride:
      e00: 1
      e01: 0
      e02: 0
      e03: 0
      e10: 0
      e11: 1
      e12: 0
      e13: 0
      e20: 0
      e21: 0
      e22: 1
      e23: 0
      e30: 0
      e31: 0
      e32: 0
      e33: 1
    m_UseCullingMatrixOverride: 0
  m_Cookie: {fileID: 0}
  m_DrawHalo: 0
  m_Flare: {fileID: 0}
  m_RenderMode: 0
  m_CullingMask:
    serializedVersion: 2
    m_Bits: 4294967295
  m_RenderingLayerMask: 1
  m_Lightmapping: 4
  m_LightShadowCasterMode: 0
  m_AreaSize: {x: 1, y: 1}
  m_BounceIntensity: 1
  m_ColorTemperature: 6570
  m_UseColorTemperature: 0
  m_BoundingSphereOverride: {x: 0, y: 0, z: 0, w: 0}
  m_UseBoundingSphereOverride: 0
  m_UseViewFrustumForShadowCasterCull: 1
  m_ShadowRadius: 0
  m_ShadowAngle: 0
--- !u!114 &261069243
MonoBehaviour:
  m_ObjectHideFlags: 0
  m_CorrespondingSourceObject: {fileID: 0}
  m_PrefabInstance: {fileID: 0}
  m_PrefabAsset: {fileID: 0}
  m_GameObject: {fileID: 261069240}
  m_Enabled: 1
  m_EditorHideFlags: 0
  m_Script: {fileID: 11500000, guid: e16f15f84e7b54442ad23dac0fa73e00, type: 3}
  m_Name: 
  m_EditorClassIdentifier: 
  fonar: {fileID: 261069240}
  On: 0
--- !u!1 &423813863 stripped
GameObject:
  m_CorrespondingSourceObject: {fileID: 100000, guid: c3a2e9c7a879b7d41b29957e6f9ed6c0, type: 3}
  m_PrefabInstance: {fileID: 1049409060}
  m_PrefabAsset: {fileID: 0}
--- !u!65 &423813867
BoxCollider:
  m_ObjectHideFlags: 0
  m_CorrespondingSourceObject: {fileID: 0}
  m_PrefabInstance: {fileID: 0}
  m_PrefabAsset: {fileID: 0}
  m_GameObject: {fileID: 423813863}
  m_Material: {fileID: 0}
  m_IsTrigger: 0
  m_Enabled: 1
  serializedVersion: 2
  m_Size: {x: 5.886514, y: 0.3138717, z: 10.540385}
  m_Center: {x: -2.9432237, y: -0.10790071, z: 5.2701917}
--- !u!95 &423813868
Animator:
  serializedVersion: 4
  m_ObjectHideFlags: 0
  m_CorrespondingSourceObject: {fileID: 0}
  m_PrefabInstance: {fileID: 0}
  m_PrefabAsset: {fileID: 0}
  m_GameObject: {fileID: 423813863}
  m_Enabled: 1
  m_Avatar: {fileID: 0}
  m_Controller: {fileID: 9100000, guid: 671256e291f38c54e98db24c3a23d420, type: 2}
  m_CullingMode: 0
  m_UpdateMode: 0
  m_ApplyRootMotion: 0
  m_LinearVelocityBlending: 0
  m_StabilizeFeet: 0
  m_WarningMessage: 
  m_HasTransformHierarchy: 1
  m_AllowConstantClipSamplingOptimization: 1
  m_KeepAnimatorControllerStateOnDisable: 0
--- !u!65 &423813869
BoxCollider:
  m_ObjectHideFlags: 0
  m_CorrespondingSourceObject: {fileID: 0}
  m_PrefabInstance: {fileID: 0}
  m_PrefabAsset: {fileID: 0}
  m_GameObject: {fileID: 423813863}
  m_Material: {fileID: 0}
  m_IsTrigger: 1
  m_Enabled: 1
  serializedVersion: 2
  m_Size: {x: 15.14, y: 4.2, z: 10.540384}
  m_Center: {x: -3.39, y: 0.05, z: 5.270192}
--- !u!114 &423813870
MonoBehaviour:
  m_ObjectHideFlags: 0
  m_CorrespondingSourceObject: {fileID: 0}
  m_PrefabInstance: {fileID: 0}
  m_PrefabAsset: {fileID: 0}
  m_GameObject: {fileID: 423813863}
  m_Enabled: 1
  m_EditorHideFlags: 0
  m_Script: {fileID: 11500000, guid: 90e30b9d738858f42b454e42a0f4d06d, type: 3}
  m_Name: 
  m_EditorClassIdentifier: 
--- !u!1001 &539190791
PrefabInstance:
  m_ObjectHideFlags: 0
  serializedVersion: 2
  m_Modification:
    m_TransformParent: {fileID: 0}
    m_Modifications:
    - target: {fileID: 100000, guid: e5860c25af9af8b49bd5df070e4c9ce9, type: 3}
      propertyPath: m_Name
      value: door_frame
      objectReference: {fileID: 0}
    - target: {fileID: 400000, guid: e5860c25af9af8b49bd5df070e4c9ce9, type: 3}
      propertyPath: m_RootOrder
      value: 4
      objectReference: {fileID: 0}
    - target: {fileID: 400000, guid: e5860c25af9af8b49bd5df070e4c9ce9, type: 3}
      propertyPath: m_LocalScale.x
      value: 0.22844802
      objectReference: {fileID: 0}
    - target: {fileID: 400000, guid: e5860c25af9af8b49bd5df070e4c9ce9, type: 3}
      propertyPath: m_LocalScale.z
      value: 0.2444775
      objectReference: {fileID: 0}
    - target: {fileID: 400000, guid: e5860c25af9af8b49bd5df070e4c9ce9, type: 3}
      propertyPath: m_LocalPosition.x
      value: 499.2239
      objectReference: {fileID: 0}
    - target: {fileID: 400000, guid: e5860c25af9af8b49bd5df070e4c9ce9, type: 3}
      propertyPath: m_LocalPosition.y
      value: 111.92999
      objectReference: {fileID: 0}
    - target: {fileID: 400000, guid: e5860c25af9af8b49bd5df070e4c9ce9, type: 3}
      propertyPath: m_LocalPosition.z
      value: 584.8429
      objectReference: {fileID: 0}
    - target: {fileID: 400000, guid: e5860c25af9af8b49bd5df070e4c9ce9, type: 3}
      propertyPath: m_LocalRotation.w
      value: 0.4911098
      objectReference: {fileID: 0}
    - target: {fileID: 400000, guid: e5860c25af9af8b49bd5df070e4c9ce9, type: 3}
      propertyPath: m_LocalRotation.x
      value: -0.4911098
      objectReference: {fileID: 0}
    - target: {fileID: 400000, guid: e5860c25af9af8b49bd5df070e4c9ce9, type: 3}
      propertyPath: m_LocalRotation.y
      value: 0.50873494
      objectReference: {fileID: 0}
    - target: {fileID: 400000, guid: e5860c25af9af8b49bd5df070e4c9ce9, type: 3}
      propertyPath: m_LocalRotation.z
      value: 0.50873494
      objectReference: {fileID: 0}
    - target: {fileID: 400000, guid: e5860c25af9af8b49bd5df070e4c9ce9, type: 3}
      propertyPath: m_LocalEulerAnglesHint.x
      value: -90
      objectReference: {fileID: 0}
    - target: {fileID: 400000, guid: e5860c25af9af8b49bd5df070e4c9ce9, type: 3}
      propertyPath: m_LocalEulerAnglesHint.y
      value: 0
      objectReference: {fileID: 0}
    - target: {fileID: 400000, guid: e5860c25af9af8b49bd5df070e4c9ce9, type: 3}
      propertyPath: m_LocalEulerAnglesHint.z
      value: 92.02
      objectReference: {fileID: 0}
    m_RemovedComponents: []
  m_SourcePrefab: {fileID: 100100000, guid: e5860c25af9af8b49bd5df070e4c9ce9, type: 3}
--- !u!1 &567034549
GameObject:
  m_ObjectHideFlags: 0
  m_CorrespondingSourceObject: {fileID: 0}
  m_PrefabInstance: {fileID: 0}
  m_PrefabAsset: {fileID: 0}
  serializedVersion: 6
  m_Component:
  - component: {fileID: 567034551}
  - component: {fileID: 567034552}
  m_Layer: 0
  m_Name: GameObject
  m_TagString: Untagged
  m_Icon: {fileID: 0}
  m_NavMeshLayer: 0
  m_StaticEditorFlags: 0
  m_IsActive: 1
--- !u!4 &567034551
Transform:
  m_ObjectHideFlags: 0
  m_CorrespondingSourceObject: {fileID: 0}
  m_PrefabInstance: {fileID: 0}
  m_PrefabAsset: {fileID: 0}
  m_GameObject: {fileID: 567034549}
  m_LocalRotation: {x: 0, y: 0, z: 0, w: 1}
  m_LocalPosition: {x: 357.92, y: 109.52, z: 362.15}
  m_LocalScale: {x: 1, y: 1, z: 1}
  m_ConstrainProportionsScale: 0
  m_Children: []
  m_Father: {fileID: 0}
  m_RootOrder: 14
  m_LocalEulerAnglesHint: {x: 0, y: 0, z: 0}
--- !u!114 &567034552
MonoBehaviour:
  m_ObjectHideFlags: 0
  m_CorrespondingSourceObject: {fileID: 0}
  m_PrefabInstance: {fileID: 0}
  m_PrefabAsset: {fileID: 0}
  m_GameObject: {fileID: 567034549}
  m_Enabled: 0
  m_EditorHideFlags: 0
  m_Script: {fileID: 11500000, guid: 447ede6d3bf23fc4bb42b5acd990a6e9, type: 3}
  m_Name: 
  m_EditorClassIdentifier: 
  Timer: 4
--- !u!1 &963194225
GameObject:
  m_ObjectHideFlags: 0
  m_CorrespondingSourceObject: {fileID: 0}
  m_PrefabInstance: {fileID: 0}
  m_PrefabAsset: {fileID: 0}
  serializedVersion: 6
  m_Component:
  - component: {fileID: 963194228}
  - component: {fileID: 963194227}
  - component: {fileID: 963194226}
  m_Layer: 0
  m_Name: Main Camera
  m_TagString: MainCamera
  m_Icon: {fileID: 0}
  m_NavMeshLayer: 0
  m_StaticEditorFlags: 0
  m_IsActive: 1
--- !u!81 &963194226
AudioListener:
  m_ObjectHideFlags: 0
  m_CorrespondingSourceObject: {fileID: 0}
  m_PrefabInstance: {fileID: 0}
  m_PrefabAsset: {fileID: 0}
  m_GameObject: {fileID: 963194225}
  m_Enabled: 1
--- !u!20 &963194227
Camera:
  m_ObjectHideFlags: 0
  m_CorrespondingSourceObject: {fileID: 0}
  m_PrefabInstance: {fileID: 0}
  m_PrefabAsset: {fileID: 0}
  m_GameObject: {fileID: 963194225}
  m_Enabled: 1
  serializedVersion: 2
  m_ClearFlags: 1
  m_BackGroundColor: {r: 0.19215687, g: 0.3019608, b: 0.4745098, a: 0}
  m_projectionMatrixMode: 1
  m_GateFitMode: 2
  m_FOVAxisMode: 0
  m_SensorSize: {x: 36, y: 24}
  m_LensShift: {x: 0, y: 0}
  m_FocalLength: 50
  m_NormalizedViewPortRect:
    serializedVersion: 2
    x: 0
    y: 0
    width: 1
    height: 1
  near clip plane: 0.3
  far clip plane: 1000
  field of view: 60
  orthographic: 0
  orthographic size: 5
  m_Depth: -1
  m_CullingMask:
    serializedVersion: 2
    m_Bits: 4294967295
  m_RenderingPath: -1
  m_TargetTexture: {fileID: 0}
  m_TargetDisplay: 0
  m_TargetEye: 3
  m_HDR: 1
  m_AllowMSAA: 1
  m_AllowDynamicResolution: 0
  m_ForceIntoRT: 0
  m_OcclusionCulling: 1
  m_StereoConvergence: 10
  m_StereoSeparation: 0.022
--- !u!4 &963194228
Transform:
  m_ObjectHideFlags: 0
  m_CorrespondingSourceObject: {fileID: 0}
  m_PrefabInstance: {fileID: 0}
  m_PrefabAsset: {fileID: 0}
  m_GameObject: {fileID: 963194225}
  m_LocalRotation: {x: 0, y: 0, z: 0, w: 1}
  m_LocalPosition: {x: 0, y: 1, z: -10}
  m_LocalScale: {x: 1, y: 1, z: 1}
  m_ConstrainProportionsScale: 0
  m_Children: []
  m_Father: {fileID: 0}
  m_RootOrder: 0
  m_LocalEulerAnglesHint: {x: 0, y: 0, z: 0}
--- !u!1 &971971184 stripped
GameObject:
  m_CorrespondingSourceObject: {fileID: 100000, guid: 5e9e851c0e142814dac026a256ba2ac0, type: 3}
  m_PrefabInstance: {fileID: 1607927781}
  m_PrefabAsset: {fileID: 0}
--- !u!114 &971971190
MonoBehaviour:
  m_ObjectHideFlags: 0
  m_CorrespondingSourceObject: {fileID: 0}
  m_PrefabInstance: {fileID: 0}
  m_PrefabAsset: {fileID: 0}
  m_GameObject: {fileID: 971971184}
  m_Enabled: 1
  m_EditorHideFlags: 0
  m_Script: {fileID: 11500000, guid: e16f15f84e7b54442ad23dac0fa73e00, type: 3}
  m_Name: 
  m_EditorClassIdentifier: 
  fonar: {fileID: 261069240}
  On: 0
--- !u!114 &971971191
MonoBehaviour:
  m_ObjectHideFlags: 0
  m_CorrespondingSourceObject: {fileID: 0}
  m_PrefabInstance: {fileID: 0}
  m_PrefabAsset: {fileID: 0}
  m_GameObject: {fileID: 971971184}
  m_Enabled: 1
  m_EditorHideFlags: 0
  m_Script: {fileID: 11500000, guid: e16f15f84e7b54442ad23dac0fa73e00, type: 3}
  m_Name: 
  m_EditorClassIdentifier: 
  fonar: {fileID: 261069240}
  On: 0
--- !u!1 &1008418686
GameObject:
  m_ObjectHideFlags: 0
  m_CorrespondingSourceObject: {fileID: 0}
  m_PrefabInstance: {fileID: 0}
  m_PrefabAsset: {fileID: 0}
  serializedVersion: 6
  m_Component:
  - component: {fileID: 1008418687}
  m_Layer: 0
  m_Name: Spawn
  m_TagString: Untagged
  m_Icon: {fileID: 0}
  m_NavMeshLayer: 0
  m_StaticEditorFlags: 0
  m_IsActive: 1
--- !u!4 &1008418687
Transform:
  m_ObjectHideFlags: 0
  m_CorrespondingSourceObject: {fileID: 0}
  m_PrefabInstance: {fileID: 0}
  m_PrefabAsset: {fileID: 0}
  m_GameObject: {fileID: 1008418686}
  m_LocalRotation: {x: 0, y: 0, z: 0, w: 1}
  m_LocalPosition: {x: 360.58, y: 119.15129, z: 380.84738}
  m_LocalScale: {x: 1, y: 1, z: 1}
  m_ConstrainProportionsScale: 0
  m_Children: []
  m_Father: {fileID: 0}
  m_RootOrder: 17
  m_LocalEulerAnglesHint: {x: 0, y: 0, z: 0}
--- !u!1001 &1049409060
PrefabInstance:
  m_ObjectHideFlags: 0
  serializedVersion: 2
  m_Modification:
    m_TransformParent: {fileID: 0}
    m_Modifications:
    - target: {fileID: 100000, guid: c3a2e9c7a879b7d41b29957e6f9ed6c0, type: 3}
      propertyPath: m_Name
      value: door
      objectReference: {fileID: 0}
    - target: {fileID: 400000, guid: c3a2e9c7a879b7d41b29957e6f9ed6c0, type: 3}
      propertyPath: m_RootOrder
      value: 3
      objectReference: {fileID: 0}
    - target: {fileID: 400000, guid: c3a2e9c7a879b7d41b29957e6f9ed6c0, type: 3}
      propertyPath: m_LocalScale.x
      value: 0.22844802
      objectReference: {fileID: 0}
    - target: {fileID: 400000, guid: c3a2e9c7a879b7d41b29957e6f9ed6c0, type: 3}
      propertyPath: m_LocalScale.z
      value: 0.24447756
      objectReference: {fileID: 0}
    - target: {fileID: 400000, guid: c3a2e9c7a879b7d41b29957e6f9ed6c0, type: 3}
      propertyPath: m_LocalPosition.x
      value: 499.41705
      objectReference: {fileID: 0}
    - target: {fileID: 400000, guid: c3a2e9c7a879b7d41b29957e6f9ed6c0, type: 3}
      propertyPath: m_LocalPosition.y
      value: 111.93
      objectReference: {fileID: 0}
    - target: {fileID: 400000, guid: c3a2e9c7a879b7d41b29957e6f9ed6c0, type: 3}
      propertyPath: m_LocalPosition.z
      value: 584.7977
      objectReference: {fileID: 0}
    - target: {fileID: 400000, guid: c3a2e9c7a879b7d41b29957e6f9ed6c0, type: 3}
      propertyPath: m_LocalRotation.w
      value: 0.49383727
      objectReference: {fileID: 0}
    - target: {fileID: 400000, guid: c3a2e9c7a879b7d41b29957e6f9ed6c0, type: 3}
      propertyPath: m_LocalRotation.x
      value: -0.49383727
      objectReference: {fileID: 0}
    - target: {fileID: 400000, guid: c3a2e9c7a879b7d41b29957e6f9ed6c0, type: 3}
      propertyPath: m_LocalRotation.y
      value: 0.50608766
      objectReference: {fileID: 0}
    - target: {fileID: 400000, guid: c3a2e9c7a879b7d41b29957e6f9ed6c0, type: 3}
      propertyPath: m_LocalRotation.z
      value: 0.50608766
      objectReference: {fileID: 0}
    - target: {fileID: 400000, guid: c3a2e9c7a879b7d41b29957e6f9ed6c0, type: 3}
      propertyPath: m_LocalEulerAnglesHint.x
      value: -90
      objectReference: {fileID: 0}
    - target: {fileID: 400000, guid: c3a2e9c7a879b7d41b29957e6f9ed6c0, type: 3}
      propertyPath: m_LocalEulerAnglesHint.y
      value: 0
      objectReference: {fileID: 0}
    - target: {fileID: 400000, guid: c3a2e9c7a879b7d41b29957e6f9ed6c0, type: 3}
      propertyPath: m_LocalEulerAnglesHint.z
      value: 91.404
      objectReference: {fileID: 0}
    m_RemovedComponents: []
  m_SourcePrefab: {fileID: 100100000, guid: c3a2e9c7a879b7d41b29957e6f9ed6c0, type: 3}
--- !u!1001 &1077089639
PrefabInstance:
  m_ObjectHideFlags: 0
  serializedVersion: 2
  m_Modification:
    m_TransformParent: {fileID: 0}
    m_Modifications:
    - target: {fileID: 3300881869011976850, guid: 87b238ca2bbadea419ed99696b50d6b4, type: 3}
      propertyPath: m_RootOrder
      value: 1
      objectReference: {fileID: 0}
    - target: {fileID: 3300881869011976850, guid: 87b238ca2bbadea419ed99696b50d6b4, type: 3}
      propertyPath: m_LocalPosition.x
      value: 511.73288
      objectReference: {fileID: 0}
    - target: {fileID: 3300881869011976850, guid: 87b238ca2bbadea419ed99696b50d6b4, type: 3}
      propertyPath: m_LocalPosition.y
      value: 111.96
      objectReference: {fileID: 0}
    - target: {fileID: 3300881869011976850, guid: 87b238ca2bbadea419ed99696b50d6b4, type: 3}
      propertyPath: m_LocalPosition.z
      value: 598.42444
      objectReference: {fileID: 0}
    - target: {fileID: 3300881869011976850, guid: 87b238ca2bbadea419ed99696b50d6b4, type: 3}
      propertyPath: m_LocalRotation.w
      value: 0.9974317
      objectReference: {fileID: 0}
    - target: {fileID: 3300881869011976850, guid: 87b238ca2bbadea419ed99696b50d6b4, type: 3}
      propertyPath: m_LocalRotation.x
      value: 0.023986686
      objectReference: {fileID: 0}
    - target: {fileID: 3300881869011976850, guid: 87b238ca2bbadea419ed99696b50d6b4, type: 3}
      propertyPath: m_LocalRotation.y
      value: 0.06748412
      objectReference: {fileID: 0}
    - target: {fileID: 3300881869011976850, guid: 87b238ca2bbadea419ed99696b50d6b4, type: 3}
      propertyPath: m_LocalRotation.z
      value: -0.00075823383
      objectReference: {fileID: 0}
    - target: {fileID: 3300881869011976850, guid: 87b238ca2bbadea419ed99696b50d6b4, type: 3}
      propertyPath: m_LocalEulerAnglesHint.x
      value: 2.749
      objectReference: {fileID: 0}
    - target: {fileID: 3300881869011976850, guid: 87b238ca2bbadea419ed99696b50d6b4, type: 3}
      propertyPath: m_LocalEulerAnglesHint.y
      value: 7.744
      objectReference: {fileID: 0}
    - target: {fileID: 3300881869011976850, guid: 87b238ca2bbadea419ed99696b50d6b4, type: 3}
      propertyPath: m_LocalEulerAnglesHint.z
      value: 0.099
      objectReference: {fileID: 0}
    - target: {fileID: 3300881869011976854, guid: 87b238ca2bbadea419ed99696b50d6b4, type: 3}
      propertyPath: m_Name
      value: Cube (5)
      objectReference: {fileID: 0}
    m_RemovedComponents: []
  m_SourcePrefab: {fileID: 100100000, guid: 87b238ca2bbadea419ed99696b50d6b4, type: 3}
--- !u!1 &1147108638
GameObject:
  m_ObjectHideFlags: 0
  m_CorrespondingSourceObject: {fileID: 0}
  m_PrefabInstance: {fileID: 0}
  m_PrefabAsset: {fileID: 0}
  serializedVersion: 6
  m_Component:
  - component: {fileID: 1147108642}
  - component: {fileID: 1147108641}
  - component: {fileID: 1147108640}
  - component: {fileID: 1147108639}
  - component: {fileID: 1147108643}
  - component: {fileID: 1147108644}
  m_Layer: 0
  m_Name: Cube (2)
  m_TagString: Untagged
  m_Icon: {fileID: 0}
  m_NavMeshLayer: 0
  m_StaticEditorFlags: 0
  m_IsActive: 1
--- !u!65 &1147108639
BoxCollider:
  m_ObjectHideFlags: 0
  m_CorrespondingSourceObject: {fileID: 0}
  m_PrefabInstance: {fileID: 0}
  m_PrefabAsset: {fileID: 0}
  m_GameObject: {fileID: 1147108638}
  m_Material: {fileID: 0}
  m_IsTrigger: 0
  m_Enabled: 1
  serializedVersion: 2
  m_Size: {x: 1, y: 1, z: 1}
  m_Center: {x: 0, y: 0, z: 0}
--- !u!23 &1147108640
MeshRenderer:
  m_ObjectHideFlags: 0
  m_CorrespondingSourceObject: {fileID: 0}
  m_PrefabInstance: {fileID: 0}
  m_PrefabAsset: {fileID: 0}
  m_GameObject: {fileID: 1147108638}
  m_Enabled: 1
  m_CastShadows: 1
  m_ReceiveShadows: 1
  m_DynamicOccludee: 1
  m_StaticShadowCaster: 0
  m_MotionVectors: 0
  m_LightProbeUsage: 1
  m_ReflectionProbeUsage: 1
  m_RayTracingMode: 2
  m_RayTraceProcedural: 0
  m_RenderingLayerMask: 1
  m_RendererPriority: 0
  m_Materials:
  - {fileID: 10303, guid: 0000000000000000f000000000000000, type: 0}
  m_StaticBatchInfo:
    firstSubMesh: 0
    subMeshCount: 0
  m_StaticBatchRoot: {fileID: 0}
  m_ProbeAnchor: {fileID: 0}
  m_LightProbeVolumeOverride: {fileID: 0}
  m_ScaleInLightmap: 1
  m_ReceiveGI: 1
  m_PreserveUVs: 0
  m_IgnoreNormalsForChartDetection: 0
  m_ImportantGI: 0
  m_StitchLightmapSeams: 1
  m_SelectedEditorRenderState: 3
  m_MinimumChartSize: 4
  m_AutoUVMaxDistance: 0.5
  m_AutoUVMaxAngle: 89
  m_LightmapParameters: {fileID: 0}
  m_SortingLayerID: 0
  m_SortingLayer: 0
  m_SortingOrder: 0
  m_AdditionalVertexStreams: {fileID: 0}
--- !u!33 &1147108641
MeshFilter:
  m_ObjectHideFlags: 0
  m_CorrespondingSourceObject: {fileID: 0}
  m_PrefabInstance: {fileID: 0}
  m_PrefabAsset: {fileID: 0}
  m_GameObject: {fileID: 1147108638}
  m_Mesh: {fileID: 10202, guid: 0000000000000000e000000000000000, type: 0}
--- !u!4 &1147108642
Transform:
  m_ObjectHideFlags: 0
  m_CorrespondingSourceObject: {fileID: 0}
  m_PrefabInstance: {fileID: 0}
  m_PrefabAsset: {fileID: 0}
  m_GameObject: {fileID: 1147108638}
  m_LocalRotation: {x: 0.24336249, y: -0.2975467, z: 0.07872502, w: 0.91980594}
  m_LocalPosition: {x: 365.27, y: 116.41, z: 367.83}
  m_LocalScale: {x: 1, y: 1, z: 1}
  m_ConstrainProportionsScale: 0
  m_Children: []
  m_Father: {fileID: 0}
  m_RootOrder: 11
  m_LocalEulerAnglesHint: {x: 29.64, y: -35.852, z: 0}
--- !u!54 &1147108643
Rigidbody:
  m_ObjectHideFlags: 0
  m_CorrespondingSourceObject: {fileID: 0}
  m_PrefabInstance: {fileID: 0}
  m_PrefabAsset: {fileID: 0}
  m_GameObject: {fileID: 1147108638}
  serializedVersion: 2
  m_Mass: 1
  m_Drag: 0
  m_AngularDrag: 0.05
  m_UseGravity: 1
  m_IsKinematic: 0
  m_Interpolate: 0
  m_Constraints: 0
  m_CollisionDetection: 0
--- !u!114 &1147108644
MonoBehaviour:
  m_ObjectHideFlags: 0
  m_CorrespondingSourceObject: {fileID: 0}
  m_PrefabInstance: {fileID: 0}
  m_PrefabAsset: {fileID: 0}
  m_GameObject: {fileID: 1147108638}
  m_Enabled: 0
  m_EditorHideFlags: 0
  m_Script: {fileID: 11500000, guid: 447ede6d3bf23fc4bb42b5acd990a6e9, type: 3}
  m_Name: 
  m_EditorClassIdentifier: 
  Timer: 12
--- !u!1 &1159096473
GameObject:
  m_ObjectHideFlags: 0
  m_CorrespondingSourceObject: {fileID: 0}
  m_PrefabInstance: {fileID: 0}
  m_PrefabAsset: {fileID: 0}
  serializedVersion: 6
  m_Component:
  - component: {fileID: 1159096474}
  m_Layer: 0
  m_Name: GameObject (2)
  m_TagString: Untagged
  m_Icon: {fileID: 0}
  m_NavMeshLayer: 0
  m_StaticEditorFlags: 0
  m_IsActive: 1
--- !u!4 &1159096474
Transform:
  m_ObjectHideFlags: 0
  m_CorrespondingSourceObject: {fileID: 0}
  m_PrefabInstance: {fileID: 0}
  m_PrefabAsset: {fileID: 0}
  m_GameObject: {fileID: 1159096473}
  m_LocalRotation: {x: -0, y: -0.31689537, z: -0, w: 0.9484605}
  m_LocalPosition: {x: 360.524, y: 120.301, z: 379.309}
  m_LocalScale: {x: 1, y: 1, z: 1}
  m_ConstrainProportionsScale: 0
  m_Children: []
  m_Father: {fileID: 0}
  m_RootOrder: 16
  m_LocalEulerAnglesHint: {x: 0, y: -36.951, z: 0}
--- !u!1 &1399359229 stripped
GameObject:
  m_CorrespondingSourceObject: {fileID: 3300881869011976854, guid: 87b238ca2bbadea419ed99696b50d6b4, type: 3}
  m_PrefabInstance: {fileID: 3300881868253000062}
  m_PrefabAsset: {fileID: 0}
--- !u!4 &1399359235 stripped
Transform:
  m_CorrespondingSourceObject: {fileID: 3300881869011976850, guid: 87b238ca2bbadea419ed99696b50d6b4, type: 3}
  m_PrefabInstance: {fileID: 3300881868253000062}
  m_PrefabAsset: {fileID: 0}
--- !u!114 &1399359236
MonoBehaviour:
  m_ObjectHideFlags: 0
  m_CorrespondingSourceObject: {fileID: 0}
  m_PrefabInstance: {fileID: 0}
  m_PrefabAsset: {fileID: 0}
  m_GameObject: {fileID: 1399359229}
  m_Enabled: 1
  m_EditorHideFlags: 0
  m_Script: {fileID: 11500000, guid: 737c28c69bf0221459a4298854984300, type: 3}
  m_Name: 
  m_EditorClassIdentifier: 
  Spawn: {fileID: 1399359235}
  Cube: {fileID: 1399359229}
--- !u!1 &1440229620
GameObject:
  m_ObjectHideFlags: 0
  m_CorrespondingSourceObject: {fileID: 0}
  m_PrefabInstance: {fileID: 0}
  m_PrefabAsset: {fileID: 0}
  serializedVersion: 6
  m_Component:
  - component: {fileID: 1440229623}
  - component: {fileID: 1440229622}
  - component: {fileID: 1440229621}
  - component: {fileID: 1440229624}
  m_Layer: 0
  m_Name: Terrain
  m_TagString: Untagged
  m_Icon: {fileID: 0}
  m_NavMeshLayer: 0
  m_StaticEditorFlags: 2147483647
  m_IsActive: 1
--- !u!154 &1440229621
TerrainCollider:
  m_ObjectHideFlags: 0
  m_CorrespondingSourceObject: {fileID: 0}
  m_PrefabInstance: {fileID: 0}
  m_PrefabAsset: {fileID: 0}
  m_GameObject: {fileID: 1440229620}
  m_Material: {fileID: 0}
  m_Enabled: 1
  m_TerrainData: {fileID: 15600000, guid: e90e456eb358df94e99f6dae5a44eeb8, type: 2}
  m_EnableTreeColliders: 1
--- !u!218 &1440229622
Terrain:
  m_ObjectHideFlags: 0
  m_CorrespondingSourceObject: {fileID: 0}
  m_PrefabInstance: {fileID: 0}
  m_PrefabAsset: {fileID: 0}
  m_GameObject: {fileID: 1440229620}
  m_Enabled: 1
  serializedVersion: 6
  m_TerrainData: {fileID: 15600000, guid: e90e456eb358df94e99f6dae5a44eeb8, type: 2}
  m_TreeDistance: 5000
  m_TreeBillboardDistance: 50
  m_TreeCrossFadeLength: 5
  m_TreeMaximumFullLODCount: 50
  m_DetailObjectDistance: 80
  m_DetailObjectDensity: 1
  m_HeightmapPixelError: 5
  m_SplatMapDistance: 1000
  m_HeightmapMaximumLOD: 0
  m_ShadowCastingMode: 2
  m_DrawHeightmap: 1
  m_DrawInstanced: 0
  m_DrawTreesAndFoliage: 1
  m_StaticShadowCaster: 0
  m_ReflectionProbeUsage: 1
  m_MaterialTemplate: {fileID: 10652, guid: 0000000000000000f000000000000000, type: 0}
  m_BakeLightProbesForTrees: 1
  m_PreserveTreePrototypeLayers: 0
  m_DeringLightProbesForTrees: 1
  m_ScaleInLightmap: 0.0256
  m_LightmapParameters: {fileID: 15203, guid: 0000000000000000f000000000000000, type: 0}
  m_GroupingID: 0
  m_RenderingLayerMask: 1
  m_AllowAutoConnect: 1
--- !u!4 &1440229623
Transform:
  m_ObjectHideFlags: 0
  m_CorrespondingSourceObject: {fileID: 0}
  m_PrefabInstance: {fileID: 0}
  m_PrefabAsset: {fileID: 0}
  m_GameObject: {fileID: 1440229620}
  m_LocalRotation: {x: 0, y: 0, z: 0, w: 1}
  m_LocalPosition: {x: 0, y: 111, z: 0}
  m_LocalScale: {x: 1, y: 1, z: 1}
  m_ConstrainProportionsScale: 0
  m_Children: []
  m_Father: {fileID: 0}
  m_RootOrder: 18
  m_LocalEulerAnglesHint: {x: 0, y: 0, z: 0}
--- !u!95 &1440229624
Animator:
  serializedVersion: 4
  m_ObjectHideFlags: 0
  m_CorrespondingSourceObject: {fileID: 0}
  m_PrefabInstance: {fileID: 0}
  m_PrefabAsset: {fileID: 0}
  m_GameObject: {fileID: 1440229620}
  m_Enabled: 1
  m_Avatar: {fileID: 0}
  m_Controller: {fileID: 9100000, guid: b5905c4eb2cdb02448bc042a9eafb651, type: 2}
  m_CullingMode: 0
  m_UpdateMode: 0
  m_ApplyRootMotion: 0
  m_LinearVelocityBlending: 0
  m_StabilizeFeet: 0
  m_WarningMessage: 
  m_HasTransformHierarchy: 1
  m_AllowConstantClipSamplingOptimization: 1
  m_KeepAnimatorControllerStateOnDisable: 0
--- !u!1 &1442947361 stripped
GameObject:
  m_CorrespondingSourceObject: {fileID: 919132149155446097, guid: b806787180d9fc840a169dda9fed548b, type: 3}
  m_PrefabInstance: {fileID: 1609535355}
  m_PrefabAsset: {fileID: 0}
--- !u!114 &1442947362
MonoBehaviour:
  m_ObjectHideFlags: 0
  m_CorrespondingSourceObject: {fileID: 0}
  m_PrefabInstance: {fileID: 0}
  m_PrefabAsset: {fileID: 0}
  m_GameObject: {fileID: 1442947361}
  m_Enabled: 1
  m_EditorHideFlags: 0
  m_Script: {fileID: 11500000, guid: ccaff93bfc9531b429a870c20e69c5f6, type: 3}
  m_Name: 
  m_EditorClassIdentifier: 
  Player: {fileID: 0}
--- !u!195 &1442947363
NavMeshAgent:
  m_ObjectHideFlags: 0
  m_CorrespondingSourceObject: {fileID: 0}
  m_PrefabInstance: {fileID: 0}
  m_PrefabAsset: {fileID: 0}
  m_GameObject: {fileID: 1442947361}
  m_Enabled: 1
  m_AgentTypeID: 0
  m_Radius: 0.5
  m_Speed: 2
  m_Acceleration: 8
  avoidancePriority: 50
  m_AngularSpeed: 120
  m_StoppingDistance: 0
  m_AutoTraverseOffMeshLink: 1
  m_AutoBraking: 1
  m_AutoRepath: 1
  m_Height: 2
  m_BaseOffset: 0
  m_WalkableMask: 4294967295
  m_ObstacleAvoidanceType: 4
--- !u!136 &1442947364
CapsuleCollider:
  m_ObjectHideFlags: 0
  m_CorrespondingSourceObject: {fileID: 0}
  m_PrefabInstance: {fileID: 0}
  m_PrefabAsset: {fileID: 0}
  m_GameObject: {fileID: 1442947361}
  m_Material: {fileID: 0}
  m_IsTrigger: 1
  m_Enabled: 1
  m_Radius: 0.53
  m_Height: 3.11
  m_Direction: 1
  m_Center: {x: 0, y: 1.25, z: 0}
--- !u!1 &1493815408
GameObject:
  m_ObjectHideFlags: 0
  m_CorrespondingSourceObject: {fileID: 0}
  m_PrefabInstance: {fileID: 0}
  m_PrefabAsset: {fileID: 0}
  serializedVersion: 6
  m_Component:
  - component: {fileID: 1493815414}
  - component: {fileID: 1493815413}
  - component: {fileID: 1493815412}
  - component: {fileID: 1493815411}
  - component: {fileID: 1493815409}
  m_Layer: 0
  m_Name: Cylinder (2)
  m_TagString: Player
  m_Icon: {fileID: 0}
  m_NavMeshLayer: 0
  m_StaticEditorFlags: 0
  m_IsActive: 1
--- !u!95 &1493815409
Animator:
  serializedVersion: 4
  m_ObjectHideFlags: 0
  m_CorrespondingSourceObject: {fileID: 0}
  m_PrefabInstance: {fileID: 0}
  m_PrefabAsset: {fileID: 0}
  m_GameObject: {fileID: 1493815408}
  m_Enabled: 1
  m_Avatar: {fileID: 0}
  m_Controller: {fileID: 9100000, guid: b5905c4eb2cdb02448bc042a9eafb651, type: 2}
  m_CullingMode: 0
  m_UpdateMode: 0
  m_ApplyRootMotion: 0
  m_LinearVelocityBlending: 0
  m_StabilizeFeet: 0
  m_WarningMessage: 
  m_HasTransformHierarchy: 1
  m_AllowConstantClipSamplingOptimization: 1
  m_KeepAnimatorControllerStateOnDisable: 0
--- !u!136 &1493815411
CapsuleCollider:
  m_ObjectHideFlags: 0
  m_CorrespondingSourceObject: {fileID: 0}
  m_PrefabInstance: {fileID: 0}
  m_PrefabAsset: {fileID: 0}
  m_GameObject: {fileID: 1493815408}
  m_Material: {fileID: 0}
  m_IsTrigger: 1
  m_Enabled: 1
  m_Radius: 0.5000001
  m_Height: 2
  m_Direction: 1
  m_Center: {x: 0.000000059604645, y: 0, z: -0.00000008940697}
--- !u!23 &1493815412
MeshRenderer:
  m_ObjectHideFlags: 0
  m_CorrespondingSourceObject: {fileID: 0}
  m_PrefabInstance: {fileID: 0}
  m_PrefabAsset: {fileID: 0}
  m_GameObject: {fileID: 1493815408}
  m_Enabled: 1
  m_CastShadows: 1
  m_ReceiveShadows: 1
  m_DynamicOccludee: 1
  m_StaticShadowCaster: 0
  m_MotionVectors: 1
  m_LightProbeUsage: 1
  m_ReflectionProbeUsage: 1
  m_RayTracingMode: 2
  m_RayTraceProcedural: 0
  m_RenderingLayerMask: 1
  m_RendererPriority: 0
  m_Materials:
  - {fileID: 10303, guid: 0000000000000000f000000000000000, type: 0}
  m_StaticBatchInfo:
    firstSubMesh: 0
    subMeshCount: 0
  m_StaticBatchRoot: {fileID: 0}
  m_ProbeAnchor: {fileID: 0}
  m_LightProbeVolumeOverride: {fileID: 0}
  m_ScaleInLightmap: 1
  m_ReceiveGI: 1
  m_PreserveUVs: 0
  m_IgnoreNormalsForChartDetection: 0
  m_ImportantGI: 0
  m_StitchLightmapSeams: 1
  m_SelectedEditorRenderState: 3
  m_MinimumChartSize: 4
  m_AutoUVMaxDistance: 0.5
  m_AutoUVMaxAngle: 89
  m_LightmapParameters: {fileID: 0}
  m_SortingLayerID: 0
  m_SortingLayer: 0
  m_SortingOrder: 0
  m_AdditionalVertexStreams: {fileID: 0}
--- !u!33 &1493815413
MeshFilter:
  m_ObjectHideFlags: 0
  m_CorrespondingSourceObject: {fileID: 0}
  m_PrefabInstance: {fileID: 0}
  m_PrefabAsset: {fileID: 0}
  m_GameObject: {fileID: 1493815408}
  m_Mesh: {fileID: 10206, guid: 0000000000000000e000000000000000, type: 0}
--- !u!4 &1493815414
Transform:
  m_ObjectHideFlags: 0
  m_CorrespondingSourceObject: {fileID: 0}
  m_PrefabInstance: {fileID: 0}
  m_PrefabAsset: {fileID: 0}
  m_GameObject: {fileID: 1493815408}
  m_LocalRotation: {x: -0.6458674, y: -0, z: -0, w: 0.76344967}
  m_LocalPosition: {x: 505.08, y: 112.2, z: 594.35}
  m_LocalScale: {x: 0.017753718, y: 0.016498, z: 0.016754843}
  m_ConstrainProportionsScale: 0
  m_Children: []
  m_Father: {fileID: 0}
  m_RootOrder: 19
  m_LocalEulerAnglesHint: {x: -80.462, y: 0, z: 0}
--- !u!1 &1530383426
GameObject:
  m_ObjectHideFlags: 0
  m_CorrespondingSourceObject: {fileID: 0}
  m_PrefabInstance: {fileID: 0}
  m_PrefabAsset: {fileID: 0}
  serializedVersion: 6
  m_Component:
  - component: {fileID: 1530383427}
  m_Layer: 0
  m_Name: GameObject (3)
  m_TagString: Untagged
  m_Icon: {fileID: 0}
  m_NavMeshLayer: 0
  m_StaticEditorFlags: 0
  m_IsActive: 1
--- !u!4 &1530383427
Transform:
  m_ObjectHideFlags: 0
  m_CorrespondingSourceObject: {fileID: 0}
  m_PrefabInstance: {fileID: 0}
  m_PrefabAsset: {fileID: 0}
  m_GameObject: {fileID: 1530383426}
  m_LocalRotation: {x: -0, y: 0.02830756, z: -0, w: 0.99959934}
  m_LocalPosition: {x: -0.0015, y: 0.144, z: 0.7563}
  m_LocalScale: {x: 1, y: 1, z: 1}
  m_ConstrainProportionsScale: 0
  m_Children: []
  m_Father: {fileID: 1836174462}
  m_RootOrder: 0
  m_LocalEulerAnglesHint: {x: 0, y: 0, z: 0}
--- !u!1001 &1607927781
PrefabInstance:
  m_ObjectHideFlags: 0
  serializedVersion: 2
  m_Modification:
    m_TransformParent: {fileID: 0}
    m_Modifications:
    - target: {fileID: 100000, guid: 5e9e851c0e142814dac026a256ba2ac0, type: 3}
      propertyPath: m_Name
      value: FPSController
      objectReference: {fileID: 0}
    - target: {fileID: 100000, guid: 5e9e851c0e142814dac026a256ba2ac0, type: 3}
      propertyPath: m_TagString
      value: Player
      objectReference: {fileID: 0}
    - target: {fileID: 400000, guid: 5e9e851c0e142814dac026a256ba2ac0, type: 3}
      propertyPath: m_RootOrder
      value: 6
      objectReference: {fileID: 0}
    - target: {fileID: 400000, guid: 5e9e851c0e142814dac026a256ba2ac0, type: 3}
      propertyPath: m_LocalPosition.x
      value: 510.1
      objectReference: {fileID: 0}
    - target: {fileID: 400000, guid: 5e9e851c0e142814dac026a256ba2ac0, type: 3}
      propertyPath: m_LocalPosition.y
      value: 112.06
      objectReference: {fileID: 0}
    - target: {fileID: 400000, guid: 5e9e851c0e142814dac026a256ba2ac0, type: 3}
      propertyPath: m_LocalPosition.z
      value: 594.5
      objectReference: {fileID: 0}
    - target: {fileID: 400000, guid: 5e9e851c0e142814dac026a256ba2ac0, type: 3}
      propertyPath: m_LocalRotation.w
      value: 1
      objectReference: {fileID: 0}
    - target: {fileID: 400000, guid: 5e9e851c0e142814dac026a256ba2ac0, type: 3}
      propertyPath: m_LocalRotation.x
      value: 0
      objectReference: {fileID: 0}
    - target: {fileID: 400000, guid: 5e9e851c0e142814dac026a256ba2ac0, type: 3}
      propertyPath: m_LocalRotation.y
      value: 0
      objectReference: {fileID: 0}
    - target: {fileID: 400000, guid: 5e9e851c0e142814dac026a256ba2ac0, type: 3}
      propertyPath: m_LocalRotation.z
      value: 0
      objectReference: {fileID: 0}
    - target: {fileID: 400000, guid: 5e9e851c0e142814dac026a256ba2ac0, type: 3}
      propertyPath: m_LocalEulerAnglesHint.x
      value: 0
      objectReference: {fileID: 0}
    - target: {fileID: 400000, guid: 5e9e851c0e142814dac026a256ba2ac0, type: 3}
      propertyPath: m_LocalEulerAnglesHint.y
      value: 0
      objectReference: {fileID: 0}
    - target: {fileID: 400000, guid: 5e9e851c0e142814dac026a256ba2ac0, type: 3}
      propertyPath: m_LocalEulerAnglesHint.z
      value: 0
      objectReference: {fileID: 0}
    - target: {fileID: 8200000, guid: 5e9e851c0e142814dac026a256ba2ac0, type: 3}
      propertyPath: MinDistance
      value: 0.9034424
      objectReference: {fileID: 0}
    m_RemovedComponents: []
  m_SourcePrefab: {fileID: 100100000, guid: 5e9e851c0e142814dac026a256ba2ac0, type: 3}
--- !u!1001 &1609535355
PrefabInstance:
  m_ObjectHideFlags: 0
  serializedVersion: 2
  m_Modification:
    m_TransformParent: {fileID: 0}
    m_Modifications:
    - target: {fileID: -8679921383154817045, guid: b806787180d9fc840a169dda9fed548b, type: 3}
      propertyPath: m_RootOrder
      value: 3
      objectReference: {fileID: 0}
    - target: {fileID: -8679921383154817045, guid: b806787180d9fc840a169dda9fed548b, type: 3}
      propertyPath: m_LocalScale.y
      value: 0.8217367
      objectReference: {fileID: 0}
    - target: {fileID: -8679921383154817045, guid: b806787180d9fc840a169dda9fed548b, type: 3}
      propertyPath: m_LocalPosition.x
      value: 510.032
      objectReference: {fileID: 0}
    - target: {fileID: -8679921383154817045, guid: b806787180d9fc840a169dda9fed548b, type: 3}
      propertyPath: m_LocalPosition.y
      value: 111.56
      objectReference: {fileID: 0}
    - target: {fileID: -8679921383154817045, guid: b806787180d9fc840a169dda9fed548b, type: 3}
      propertyPath: m_LocalPosition.z
      value: 596.38
      objectReference: {fileID: 0}
    - target: {fileID: -8679921383154817045, guid: b806787180d9fc840a169dda9fed548b, type: 3}
      propertyPath: m_LocalRotation.w
      value: 0.7328215
      objectReference: {fileID: 0}
    - target: {fileID: -8679921383154817045, guid: b806787180d9fc840a169dda9fed548b, type: 3}
      propertyPath: m_LocalRotation.x
      value: 0.0068190866
      objectReference: {fileID: 0}
    - target: {fileID: -8679921383154817045, guid: b806787180d9fc840a169dda9fed548b, type: 3}
      propertyPath: m_LocalRotation.y
      value: 0.68034613
      objectReference: {fileID: 0}
    - target: {fileID: -8679921383154817045, guid: b806787180d9fc840a169dda9fed548b, type: 3}
      propertyPath: m_LocalRotation.z
      value: -0.007433108
      objectReference: {fileID: 0}
    - target: {fileID: -8679921383154817045, guid: b806787180d9fc840a169dda9fed548b, type: 3}
      propertyPath: m_LocalEulerAnglesHint.x
      value: 1.152
      objectReference: {fileID: 0}
    - target: {fileID: -8679921383154817045, guid: b806787180d9fc840a169dda9fed548b, type: 3}
      propertyPath: m_LocalEulerAnglesHint.y
      value: 85.746
      objectReference: {fileID: 0}
    - target: {fileID: -8679921383154817045, guid: b806787180d9fc840a169dda9fed548b, type: 3}
      propertyPath: m_LocalEulerAnglesHint.z
      value: -0.093
      objectReference: {fileID: 0}
    - target: {fileID: 919132149155446097, guid: b806787180d9fc840a169dda9fed548b, type: 3}
      propertyPath: m_Name
      value: Fast Run (1)
      objectReference: {fileID: 0}
    - target: {fileID: 3100055053655130789, guid: b806787180d9fc840a169dda9fed548b, type: 3}
      propertyPath: m_LocalPosition.x
      value: 0.228
      objectReference: {fileID: 0}
    - target: {fileID: 3100055053655130789, guid: b806787180d9fc840a169dda9fed548b, type: 3}
      propertyPath: m_LocalPosition.y
      value: 1.105
      objectReference: {fileID: 0}
    - target: {fileID: 3100055053655130789, guid: b806787180d9fc840a169dda9fed548b, type: 3}
      propertyPath: m_LocalPosition.z
      value: 0.37
      objectReference: {fileID: 0}
    - target: {fileID: 5866666021909216657, guid: b806787180d9fc840a169dda9fed548b, type: 3}
      propertyPath: m_Controller
      value: 
      objectReference: {fileID: 9100000, guid: b5905c4eb2cdb02448bc042a9eafb651, type: 2}
    - target: {fileID: 5866666021909216657, guid: b806787180d9fc840a169dda9fed548b, type: 3}
      propertyPath: m_ApplyRootMotion
      value: 0
      objectReference: {fileID: 0}
    - target: {fileID: 6000407479487422213, guid: b806787180d9fc840a169dda9fed548b, type: 3}
      propertyPath: m_LocalPosition.x
      value: 0.24
      objectReference: {fileID: 0}
    - target: {fileID: 6000407479487422213, guid: b806787180d9fc840a169dda9fed548b, type: 3}
      propertyPath: m_LocalPosition.y
      value: 0.09
      objectReference: {fileID: 0}
    - target: {fileID: 6000407479487422213, guid: b806787180d9fc840a169dda9fed548b, type: 3}
      propertyPath: m_LocalPosition.z
      value: -0.38
      objectReference: {fileID: 0}
    - target: {fileID: 8246573458540300332, guid: b806787180d9fc840a169dda9fed548b, type: 3}
      propertyPath: m_LocalPosition.x
      value: 0
      objectReference: {fileID: 0}
    - target: {fileID: 8246573458540300332, guid: b806787180d9fc840a169dda9fed548b, type: 3}
      propertyPath: m_LocalPosition.y
      value: -0
      objectReference: {fileID: 0}
    - target: {fileID: 8246573458540300332, guid: b806787180d9fc840a169dda9fed548b, type: 3}
      propertyPath: m_LocalPosition.z
      value: -0.405
      objectReference: {fileID: 0}
    - target: {fileID: 9201688735356099501, guid: b806787180d9fc840a169dda9fed548b, type: 3}
      propertyPath: m_LocalPosition.x
      value: -15.53
      objectReference: {fileID: 0}
    - target: {fileID: 9201688735356099501, guid: b806787180d9fc840a169dda9fed548b, type: 3}
      propertyPath: m_LocalPosition.y
      value: -0
      objectReference: {fileID: 0}
    - target: {fileID: 9201688735356099501, guid: b806787180d9fc840a169dda9fed548b, type: 3}
      propertyPath: m_LocalPosition.z
      value: -15.6
      objectReference: {fileID: 0}
    m_RemovedComponents: []
  m_SourcePrefab: {fileID: 100100000, guid: b806787180d9fc840a169dda9fed548b, type: 3}
--- !u!1 &1609535356 stripped
GameObject:
  m_CorrespondingSourceObject: {fileID: -5195048882033904264, guid: b806787180d9fc840a169dda9fed548b, type: 3}
  m_PrefabInstance: {fileID: 1609535355}
  m_PrefabAsset: {fileID: 0}
--- !u!65 &1609535357
BoxCollider:
  m_ObjectHideFlags: 0
  m_CorrespondingSourceObject: {fileID: 0}
  m_PrefabInstance: {fileID: 0}
  m_PrefabAsset: {fileID: 0}
  m_GameObject: {fileID: 1609535356}
  m_Material: {fileID: 0}
  m_IsTrigger: 1
  m_Enabled: 1
  serializedVersion: 2
  m_Size: {x: 0.5, y: 0.5, z: 0.5}
  m_Center: {x: 0, y: 0, z: 0}
--- !u!4 &1744854916 stripped
Transform:
  m_CorrespondingSourceObject: {fileID: 400002, guid: 5e9e851c0e142814dac026a256ba2ac0, type: 3}
  m_PrefabInstance: {fileID: 1607927781}
  m_PrefabAsset: {fileID: 0}
--- !u!1 &1805783470
GameObject:
  m_ObjectHideFlags: 0
  m_CorrespondingSourceObject: {fileID: 0}
  m_PrefabInstance: {fileID: 0}
  m_PrefabAsset: {fileID: 0}
  serializedVersion: 6
  m_Component:
  - component: {fileID: 1805783474}
  - component: {fileID: 1805783473}
  - component: {fileID: 1805783472}
  - component: {fileID: 1805783471}
  - component: {fileID: 1805783475}
  - component: {fileID: 1805783476}
  m_Layer: 0
  m_Name: Cube (3)
  m_TagString: Untagged
  m_Icon: {fileID: 0}
  m_NavMeshLayer: 0
  m_StaticEditorFlags: 0
  m_IsActive: 1
--- !u!65 &1805783471
BoxCollider:
  m_ObjectHideFlags: 0
  m_CorrespondingSourceObject: {fileID: 0}
  m_PrefabInstance: {fileID: 0}
  m_PrefabAsset: {fileID: 0}
  m_GameObject: {fileID: 1805783470}
  m_Material: {fileID: 0}
  m_IsTrigger: 0
  m_Enabled: 1
  serializedVersion: 2
  m_Size: {x: 1, y: 1, z: 1}
  m_Center: {x: 0, y: 0, z: 0}
--- !u!23 &1805783472
MeshRenderer:
  m_ObjectHideFlags: 0
  m_CorrespondingSourceObject: {fileID: 0}
  m_PrefabInstance: {fileID: 0}
  m_PrefabAsset: {fileID: 0}
  m_GameObject: {fileID: 1805783470}
  m_Enabled: 1
  m_CastShadows: 1
  m_ReceiveShadows: 1
  m_DynamicOccludee: 1
  m_StaticShadowCaster: 0
  m_MotionVectors: 0
  m_LightProbeUsage: 1
  m_ReflectionProbeUsage: 1
  m_RayTracingMode: 2
  m_RayTraceProcedural: 0
  m_RenderingLayerMask: 1
  m_RendererPriority: 0
  m_Materials:
  - {fileID: 10303, guid: 0000000000000000f000000000000000, type: 0}
  m_StaticBatchInfo:
    firstSubMesh: 0
    subMeshCount: 0
  m_StaticBatchRoot: {fileID: 0}
  m_ProbeAnchor: {fileID: 0}
  m_LightProbeVolumeOverride: {fileID: 0}
  m_ScaleInLightmap: 1
  m_ReceiveGI: 1
  m_PreserveUVs: 0
  m_IgnoreNormalsForChartDetection: 0
  m_ImportantGI: 0
  m_StitchLightmapSeams: 1
  m_SelectedEditorRenderState: 3
  m_MinimumChartSize: 4
  m_AutoUVMaxDistance: 0.5
  m_AutoUVMaxAngle: 89
  m_LightmapParameters: {fileID: 0}
  m_SortingLayerID: 0
  m_SortingLayer: 0
  m_SortingOrder: 0
  m_AdditionalVertexStreams: {fileID: 0}
--- !u!33 &1805783473
MeshFilter:
  m_ObjectHideFlags: 0
  m_CorrespondingSourceObject: {fileID: 0}
  m_PrefabInstance: {fileID: 0}
  m_PrefabAsset: {fileID: 0}
  m_GameObject: {fileID: 1805783470}
  m_Mesh: {fileID: 10202, guid: 0000000000000000e000000000000000, type: 0}
--- !u!4 &1805783474
Transform:
  m_ObjectHideFlags: 0
  m_CorrespondingSourceObject: {fileID: 0}
  m_PrefabInstance: {fileID: 0}
  m_PrefabAsset: {fileID: 0}
  m_GameObject: {fileID: 1805783470}
  m_LocalRotation: {x: 0.1871735, y: -0.42853084, z: -0.35380498, w: 0.81003046}
  m_LocalPosition: {x: 365.12, y: 118.12, z: 367.96}
  m_LocalScale: {x: 1, y: 1, z: 1}
  m_ConstrainProportionsScale: 0
  m_Children: []
  m_Father: {fileID: 0}
  m_RootOrder: 13
  m_LocalEulerAnglesHint: {x: 0, y: -55.76, z: -47.189}
--- !u!54 &1805783475
Rigidbody:
  m_ObjectHideFlags: 0
  m_CorrespondingSourceObject: {fileID: 0}
  m_PrefabInstance: {fileID: 0}
  m_PrefabAsset: {fileID: 0}
  m_GameObject: {fileID: 1805783470}
  serializedVersion: 2
  m_Mass: 1
  m_Drag: 0
  m_AngularDrag: 0.05
  m_UseGravity: 1
  m_IsKinematic: 0
  m_Interpolate: 0
  m_Constraints: 0
  m_CollisionDetection: 0
--- !u!114 &1805783476
MonoBehaviour:
  m_ObjectHideFlags: 0
  m_CorrespondingSourceObject: {fileID: 0}
  m_PrefabInstance: {fileID: 0}
  m_PrefabAsset: {fileID: 0}
  m_GameObject: {fileID: 1805783470}
  m_Enabled: 0
  m_EditorHideFlags: 0
  m_Script: {fileID: 11500000, guid: 447ede6d3bf23fc4bb42b5acd990a6e9, type: 3}
  m_Name: 
  m_EditorClassIdentifier: 
  Timer: 12
--- !u!1 &1821709872
GameObject:
  m_ObjectHideFlags: 0
  m_CorrespondingSourceObject: {fileID: 0}
  m_PrefabInstance: {fileID: 0}
  m_PrefabAsset: {fileID: 0}
  serializedVersion: 6
  m_Component:
  - component: {fileID: 1821709876}
  - component: {fileID: 1821709875}
  - component: {fileID: 1821709874}
  - component: {fileID: 1821709873}
  - component: {fileID: 1821709877}
  - component: {fileID: 1821709878}
  m_Layer: 0
  m_Name: Cube (1)
  m_TagString: Untagged
  m_Icon: {fileID: 0}
  m_NavMeshLayer: 0
  m_StaticEditorFlags: 0
  m_IsActive: 1
--- !u!65 &1821709873
BoxCollider:
  m_ObjectHideFlags: 0
  m_CorrespondingSourceObject: {fileID: 0}
  m_PrefabInstance: {fileID: 0}
  m_PrefabAsset: {fileID: 0}
  m_GameObject: {fileID: 1821709872}
  m_Material: {fileID: 0}
  m_IsTrigger: 0
  m_Enabled: 1
  serializedVersion: 2
  m_Size: {x: 1, y: 1, z: 1}
  m_Center: {x: 0, y: 0, z: 0}
--- !u!23 &1821709874
MeshRenderer:
  m_ObjectHideFlags: 0
  m_CorrespondingSourceObject: {fileID: 0}
  m_PrefabInstance: {fileID: 0}
  m_PrefabAsset: {fileID: 0}
  m_GameObject: {fileID: 1821709872}
  m_Enabled: 1
  m_CastShadows: 1
  m_ReceiveShadows: 1
  m_DynamicOccludee: 1
  m_StaticShadowCaster: 0
  m_MotionVectors: 0
  m_LightProbeUsage: 1
  m_ReflectionProbeUsage: 1
  m_RayTracingMode: 2
  m_RayTraceProcedural: 0
  m_RenderingLayerMask: 1
  m_RendererPriority: 0
  m_Materials:
  - {fileID: 10303, guid: 0000000000000000f000000000000000, type: 0}
  m_StaticBatchInfo:
    firstSubMesh: 0
    subMeshCount: 0
  m_StaticBatchRoot: {fileID: 0}
  m_ProbeAnchor: {fileID: 0}
  m_LightProbeVolumeOverride: {fileID: 0}
  m_ScaleInLightmap: 1
  m_ReceiveGI: 1
  m_PreserveUVs: 0
  m_IgnoreNormalsForChartDetection: 0
  m_ImportantGI: 0
  m_StitchLightmapSeams: 1
  m_SelectedEditorRenderState: 3
  m_MinimumChartSize: 4
  m_AutoUVMaxDistance: 0.5
  m_AutoUVMaxAngle: 89
  m_LightmapParameters: {fileID: 0}
  m_SortingLayerID: 0
  m_SortingLayer: 0
  m_SortingOrder: 0
  m_AdditionalVertexStreams: {fileID: 0}
--- !u!33 &1821709875
MeshFilter:
  m_ObjectHideFlags: 0
  m_CorrespondingSourceObject: {fileID: 0}
  m_PrefabInstance: {fileID: 0}
  m_PrefabAsset: {fileID: 0}
  m_GameObject: {fileID: 1821709872}
  m_Mesh: {fileID: 10202, guid: 0000000000000000e000000000000000, type: 0}
--- !u!4 &1821709876
Transform:
  m_ObjectHideFlags: 0
  m_CorrespondingSourceObject: {fileID: 0}
  m_PrefabInstance: {fileID: 0}
  m_PrefabAsset: {fileID: 0}
  m_GameObject: {fileID: 1821709872}
  m_LocalRotation: {x: -0.11756286, y: -0.20314917, z: 0.84133965, w: 0.48688495}
  m_LocalPosition: {x: 364.97, y: 114.87, z: 367.55}
  m_LocalScale: {x: 1, y: 1, z: 1}
  m_ConstrainProportionsScale: 0
  m_Children: []
  m_Father: {fileID: 0}
  m_RootOrder: 10
  m_LocalEulerAnglesHint: {x: 13.141, y: -23.971, z: 117.082}
--- !u!54 &1821709877
Rigidbody:
  m_ObjectHideFlags: 0
  m_CorrespondingSourceObject: {fileID: 0}
  m_PrefabInstance: {fileID: 0}
  m_PrefabAsset: {fileID: 0}
  m_GameObject: {fileID: 1821709872}
  serializedVersion: 2
  m_Mass: 1
  m_Drag: 0
  m_AngularDrag: 0.05
  m_UseGravity: 1
  m_IsKinematic: 0
  m_Interpolate: 0
  m_Constraints: 0
  m_CollisionDetection: 0
--- !u!114 &1821709878
MonoBehaviour:
  m_ObjectHideFlags: 0
  m_CorrespondingSourceObject: {fileID: 0}
  m_PrefabInstance: {fileID: 0}
  m_PrefabAsset: {fileID: 0}
  m_GameObject: {fileID: 1821709872}
  m_Enabled: 0
  m_EditorHideFlags: 0
  m_Script: {fileID: 11500000, guid: 447ede6d3bf23fc4bb42b5acd990a6e9, type: 3}
  m_Name: 
  m_EditorClassIdentifier: 
  Timer: 12
--- !u!1001 &1836174461
PrefabInstance:
  m_ObjectHideFlags: 0
  serializedVersion: 2
  m_Modification:
    m_TransformParent: {fileID: 0}
    m_Modifications:
    - target: {fileID: -8679921383154817045, guid: 33269b2b610f4c245a712795c1927939, type: 3}
      propertyPath: m_RootOrder
      value: 2
      objectReference: {fileID: 0}
    - target: {fileID: -8679921383154817045, guid: 33269b2b610f4c245a712795c1927939, type: 3}
      propertyPath: m_LocalScale.x
      value: 1
      objectReference: {fileID: 0}
    - target: {fileID: -8679921383154817045, guid: 33269b2b610f4c245a712795c1927939, type: 3}
      propertyPath: m_LocalPosition.x
      value: 511.56235
      objectReference: {fileID: 0}
    - target: {fileID: -8679921383154817045, guid: 33269b2b610f4c245a712795c1927939, type: 3}
      propertyPath: m_LocalPosition.y
      value: 112.526
      objectReference: {fileID: 0}
    - target: {fileID: -8679921383154817045, guid: 33269b2b610f4c245a712795c1927939, type: 3}
      propertyPath: m_LocalPosition.z
      value: 598.483
      objectReference: {fileID: 0}
    - target: {fileID: -8679921383154817045, guid: 33269b2b610f4c245a712795c1927939, type: 3}
      propertyPath: m_LocalRotation.w
      value: 0.7600606
      objectReference: {fileID: 0}
    - target: {fileID: -8679921383154817045, guid: 33269b2b610f4c245a712795c1927939, type: 3}
      propertyPath: m_LocalRotation.x
      value: -0.018385647
      objectReference: {fileID: 0}
    - target: {fileID: -8679921383154817045, guid: 33269b2b610f4c245a712795c1927939, type: 3}
      propertyPath: m_LocalRotation.y
      value: -0.021524105
      objectReference: {fileID: 0}
    - target: {fileID: -8679921383154817045, guid: 33269b2b610f4c245a712795c1927939, type: 3}
      propertyPath: m_LocalRotation.z
      value: -0.6492354
      objectReference: {fileID: 0}
    - target: {fileID: -8679921383154817045, guid: 33269b2b610f4c245a712795c1927939, type: 3}
      propertyPath: m_LocalEulerAnglesHint.x
      value: -3.204
      objectReference: {fileID: 0}
    - target: {fileID: -8679921383154817045, guid: 33269b2b610f4c245a712795c1927939, type: 3}
      propertyPath: m_LocalEulerAnglesHint.y
      value: -0.508
      objectReference: {fileID: 0}
    - target: {fileID: -8679921383154817045, guid: 33269b2b610f4c245a712795c1927939, type: 3}
      propertyPath: m_LocalEulerAnglesHint.z
      value: -80.993
      objectReference: {fileID: 0}
    - target: {fileID: -7511558181221131132, guid: 33269b2b610f4c245a712795c1927939, type: 3}
      propertyPath: m_Materials.Array.data[0]
      value: 
      objectReference: {fileID: 2100000, guid: b90f3332fc91cf045ad9cd21a6a79026, type: 2}
    - target: {fileID: 919132149155446097, guid: 33269b2b610f4c245a712795c1927939, type: 3}
      propertyPath: m_Name
      value: assault1
      objectReference: {fileID: 0}
    - target: {fileID: 919132149155446097, guid: 33269b2b610f4c245a712795c1927939, type: 3}
      propertyPath: m_StaticEditorFlags
      value: 0
      objectReference: {fileID: 0}
    m_RemovedComponents: []
  m_SourcePrefab: {fileID: 100100000, guid: 33269b2b610f4c245a712795c1927939, type: 3}
--- !u!4 &1836174462 stripped
Transform:
  m_CorrespondingSourceObject: {fileID: -8679921383154817045, guid: 33269b2b610f4c245a712795c1927939, type: 3}
  m_PrefabInstance: {fileID: 1836174461}
  m_PrefabAsset: {fileID: 0}
--- !u!1 &1949077443
GameObject:
  m_ObjectHideFlags: 0
  m_CorrespondingSourceObject: {fileID: 0}
  m_PrefabInstance: {fileID: 0}
  m_PrefabAsset: {fileID: 0}
  serializedVersion: 6
  m_Component:
  - component: {fileID: 1949077445}
  - component: {fileID: 1949077444}
  m_Layer: 0
  m_Name: GameObject (1)
  m_TagString: Untagged
  m_Icon: {fileID: 0}
  m_NavMeshLayer: 0
  m_StaticEditorFlags: 0
  m_IsActive: 1
--- !u!114 &1949077444
MonoBehaviour:
  m_ObjectHideFlags: 0
  m_CorrespondingSourceObject: {fileID: 0}
  m_PrefabInstance: {fileID: 0}
  m_PrefabAsset: {fileID: 0}
  m_GameObject: {fileID: 1949077443}
  m_Enabled: 1
  m_EditorHideFlags: 0
  m_Script: {fileID: 11500000, guid: 1cf05b42f972d9c4cb368ca91e77e8a4, type: 3}
  m_Name: 
  m_EditorClassIdentifier: 
  Cube: {fileID: 3300881869011976854, guid: 87b238ca2bbadea419ed99696b50d6b4, type: 3}
  Spawn: {fileID: 1949077445}
  Timer: 1
  NumberOfCube: 0
--- !u!4 &1949077445
Transform:
  m_ObjectHideFlags: 0
  m_CorrespondingSourceObject: {fileID: 0}
  m_PrefabInstance: {fileID: 0}
  m_PrefabAsset: {fileID: 0}
  m_GameObject: {fileID: 1949077443}
  m_LocalRotation: {x: 0, y: 0, z: 0, w: 1}
  m_LocalPosition: {x: 348.71616, y: 119.22, z: 364.97894}
  m_LocalScale: {x: 1, y: 1, z: 1}
  m_ConstrainProportionsScale: 0
  m_Children: []
  m_Father: {fileID: 0}
  m_RootOrder: 15
  m_LocalEulerAnglesHint: {x: 0, y: 0, z: 0}
--- !u!1 &1988079628 stripped
GameObject:
  m_CorrespondingSourceObject: {fileID: 3300881869011976854, guid: 87b238ca2bbadea419ed99696b50d6b4, type: 3}
  m_PrefabInstance: {fileID: 11367651}
  m_PrefabAsset: {fileID: 0}
--- !u!114 &1988079629
MonoBehaviour:
  m_ObjectHideFlags: 0
  m_CorrespondingSourceObject: {fileID: 0}
  m_PrefabInstance: {fileID: 0}
  m_PrefabAsset: {fileID: 0}
  m_GameObject: {fileID: 1988079628}
  m_Enabled: 1
  m_EditorHideFlags: 0
  m_Script: {fileID: 11500000, guid: 737c28c69bf0221459a4298854984300, type: 3}
  m_Name: 
  m_EditorClassIdentifier: 
  Spawn: {fileID: 1399359235}
  Cube: {fileID: 1399359229}
--- !u!1001 &3300881868253000062
PrefabInstance:
  m_ObjectHideFlags: 0
  serializedVersion: 2
  m_Modification:
    m_TransformParent: {fileID: 0}
    m_Modifications:
    - target: {fileID: 3300881869011976850, guid: 87b238ca2bbadea419ed99696b50d6b4, type: 3}
      propertyPath: m_RootOrder
      value: 8
      objectReference: {fileID: 0}
    - target: {fileID: 3300881869011976850, guid: 87b238ca2bbadea419ed99696b50d6b4, type: 3}
      propertyPath: m_LocalPosition.x
      value: 364.41
      objectReference: {fileID: 0}
    - target: {fileID: 3300881869011976850, guid: 87b238ca2bbadea419ed99696b50d6b4, type: 3}
      propertyPath: m_LocalPosition.y
      value: 112.77999
      objectReference: {fileID: 0}
    - target: {fileID: 3300881869011976850, guid: 87b238ca2bbadea419ed99696b50d6b4, type: 3}
      propertyPath: m_LocalPosition.z
      value: 375.71
      objectReference: {fileID: 0}
    - target: {fileID: 3300881869011976850, guid: 87b238ca2bbadea419ed99696b50d6b4, type: 3}
      propertyPath: m_LocalRotation.w
      value: 0.9460548
      objectReference: {fileID: 0}
    - target: {fileID: 3300881869011976850, guid: 87b238ca2bbadea419ed99696b50d6b4, type: 3}
      propertyPath: m_LocalRotation.x
      value: -0.2484627
      objectReference: {fileID: 0}
    - target: {fileID: 3300881869011976850, guid: 87b238ca2bbadea419ed99696b50d6b4, type: 3}
      propertyPath: m_LocalRotation.y
      value: 0.052824702
      objectReference: {fileID: 0}
    - target: {fileID: 3300881869011976850, guid: 87b238ca2bbadea419ed99696b50d6b4, type: 3}
      propertyPath: m_LocalRotation.z
      value: -0.20113713
      objectReference: {fileID: 0}
    - target: {fileID: 3300881869011976850, guid: 87b238ca2bbadea419ed99696b50d6b4, type: 3}
      propertyPath: m_LocalEulerAnglesHint.x
      value: -26.671
      objectReference: {fileID: 0}
    - target: {fileID: 3300881869011976850, guid: 87b238ca2bbadea419ed99696b50d6b4, type: 3}
      propertyPath: m_LocalEulerAnglesHint.y
      value: 12.927
      objectReference: {fileID: 0}
    - target: {fileID: 3300881869011976850, guid: 87b238ca2bbadea419ed99696b50d6b4, type: 3}
      propertyPath: m_LocalEulerAnglesHint.z
      value: -27.082
      objectReference: {fileID: 0}
    - target: {fileID: 3300881869011976851, guid: 87b238ca2bbadea419ed99696b50d6b4, type: 3}
      propertyPath: m_Constraints
      value: 126
      objectReference: {fileID: 0}
    - target: {fileID: 3300881869011976854, guid: 87b238ca2bbadea419ed99696b50d6b4, type: 3}
      propertyPath: m_Name
      value: Cube
      objectReference: {fileID: 0}
    - target: {fileID: 3300881869011976855, guid: 87b238ca2bbadea419ed99696b50d6b4, type: 3}
      propertyPath: m_IsTrigger
      value: 1
      objectReference: {fileID: 0}
    m_RemovedComponents: []
  m_SourcePrefab: {fileID: 100100000, guid: 87b238ca2bbadea419ed99696b50d6b4, type: 3}
--- !u!1001 &7415236179640141461
PrefabInstance:
  m_ObjectHideFlags: 0
  serializedVersion: 2
  m_Modification:
    m_TransformParent: {fileID: 0}
    m_Modifications:
    - target: {fileID: 7415236179837702346, guid: 445e3fb51c4d9a144ad5100267d1753b, type: 3}
      propertyPath: m_RootOrder
      value: 11
      objectReference: {fileID: 0}
    - target: {fileID: 7415236179837702346, guid: 445e3fb51c4d9a144ad5100267d1753b, type: 3}
      propertyPath: m_LocalPosition.x
      value: 360.49854
      objectReference: {fileID: 0}
    - target: {fileID: 7415236179837702346, guid: 445e3fb51c4d9a144ad5100267d1753b, type: 3}
      propertyPath: m_LocalPosition.y
      value: 120.328255
      objectReference: {fileID: 0}
    - target: {fileID: 7415236179837702346, guid: 445e3fb51c4d9a144ad5100267d1753b, type: 3}
      propertyPath: m_LocalPosition.z
      value: 379.37106
      objectReference: {fileID: 0}
    - target: {fileID: 7415236179837702346, guid: 445e3fb51c4d9a144ad5100267d1753b, type: 3}
      propertyPath: m_LocalRotation.w
      value: 0.70710784
      objectReference: {fileID: 0}
    - target: {fileID: 7415236179837702346, guid: 445e3fb51c4d9a144ad5100267d1753b, type: 3}
      propertyPath: m_LocalRotation.x
      value: 0.70710576
      objectReference: {fileID: 0}
    - target: {fileID: 7415236179837702346, guid: 445e3fb51c4d9a144ad5100267d1753b, type: 3}
      propertyPath: m_LocalRotation.y
      value: -0
      objectReference: {fileID: 0}
    - target: {fileID: 7415236179837702346, guid: 445e3fb51c4d9a144ad5100267d1753b, type: 3}
      propertyPath: m_LocalRotation.z
      value: -0
      objectReference: {fileID: 0}
    - target: {fileID: 7415236179837702346, guid: 445e3fb51c4d9a144ad5100267d1753b, type: 3}
      propertyPath: m_LocalEulerAnglesHint.x
      value: 90
      objectReference: {fileID: 0}
    - target: {fileID: 7415236179837702346, guid: 445e3fb51c4d9a144ad5100267d1753b, type: 3}
      propertyPath: m_LocalEulerAnglesHint.y
      value: 0
      objectReference: {fileID: 0}
    - target: {fileID: 7415236179837702346, guid: 445e3fb51c4d9a144ad5100267d1753b, type: 3}
      propertyPath: m_LocalEulerAnglesHint.z
      value: 0
      objectReference: {fileID: 0}
    - target: {fileID: 7415236179837702348, guid: 445e3fb51c4d9a144ad5100267d1753b, type: 3}
      propertyPath: m_Name
      value: Cylinder
      objectReference: {fileID: 0}
    m_RemovedComponents: []
  m_SourcePrefab: {fileID: 100100000, guid: 445e3fb51c4d9a144ad5100267d1753b, type: 3}
